<?xml version="1.0" encoding="UTF-8"?><collection><record><leader>04503ntm a2200517 a 4500</leader><controlfield tag="001">006833592</controlfield><controlfield tag="003">MiAaHDL</controlfield><controlfield tag="005">20190719000000.0</controlfield><controlfield tag="006">m        d        </controlfield><controlfield tag="007">cr bn ---auaua</controlfield><controlfield tag="008">090701s193u    xx            00| ||ara d</controlfield><datafield tag="035" ind1=" " ind2=" "><subfield code="a">(MiU)006833592</subfield></datafield><datafield tag="035" ind1=" " ind2=" "><subfield code="a">sdr-miu006833592</subfield></datafield><datafield tag="040" ind1=" " ind2=" "><subfield code="a">MiU</subfield><subfield code="c">MiU</subfield><subfield code="e">amremm</subfield></datafield><datafield tag="043" ind1=" " ind2=" "><subfield code="a">n-us-mi</subfield></datafield><datafield tag="245" ind1="0" ind2="0"><subfield code="6">880-03</subfield><subfield code="a">Talkhīṣ al-Shifāʼ al-ḥikmī,</subfield><subfield code="f">[193-?].</subfield></datafield><datafield tag="246" ind1="3" ind2="8"><subfield code="a">شفاء الحكمي</subfield></datafield><datafield tag="260" ind1=" " ind2=" "><subfield code="c">[193-?].</subfield></datafield><datafield tag="300" ind1=" " ind2=" "><subfield code="a">39 leaves :</subfield><subfield code="b">paper ;</subfield><subfield code="c">221 x 145 mm. bound to 228 x 150 mm.</subfield></datafield><datafield tag="500" ind1=" " ind2=" "><subfield code="a">Shelfmark: Ann Arbor, University of Michigan, Special Collections Library, Isl. Ms. 981</subfield></datafield><datafield tag="500" ind1=" " ind2=" "><subfield code="a">Origin: Lacks dated scribal colophon ; likely copied in Egypt in the late 1930s and eventually bound for James Heyworth-Dunne (d.1974). As appears on the 'title page' for the latter two sections (pp. 33, and 67), copied (and perhaps abridged) by the anonymous "ا ع" who has identified himself as the copyist of other manuscripts eventually bound for James Heyworth-Dunne (d.1974), see Isl. Ms. 905, Isl. Ms. 910, Isl. Ms. 937, Isl. Ms. 988, Isl. Ms. 998 and likely Isl. Ms. 929.</subfield></datafield><datafield tag="500" ind1=" " ind2=" "><subfield code="a">Former shelfmark: Mich. Isl. Ms. temp. no. 130</subfield></datafield><datafield tag="500" ind1=" " ind2=" "><subfield code="a">Binding: Boards covered in textured black cloth with black leather over spine (quarter binding) ; pastedowns and flyleaves in wove paper printed with a floral vegetal pattern in pink and green ; spine gold-stamped with title and decorative accents over raised bands "الشفاء الحكمي" ; sewn in white thread over two recessed cords ; overall in fairly good condition with minor abrasion to spine leather.</subfield></datafield><datafield tag="500" ind1=" " ind2=" "><subfield code="a">Support: Machine wove paper, sturdy, beige in color.</subfield></datafield><datafield tag="500" ind1=" " ind2=" "><subfield code="a">Decoration: Text executed almost entirely in blue ink with occasional gloss rubricated.</subfield></datafield><datafield tag="500" ind1=" " ind2=" "><subfield code="a">Script: Ruqʻah ; quick, compact hand in a medium line ; serifless and freely ligatured with effect of inclination to the left and of words descending to baseline, mainly closed counters, pointing somewhat careless and in strokes rather than distinct dots, final yāʼ usually unpointed.</subfield></datafield><datafield tag="500" ind1=" " ind2=" "><subfield code="a">Layout: Written in 11-13 lines per page.</subfield></datafield><datafield tag="500" ind1=" " ind2=" "><subfield code="a">Collation: i, VIII (16), IX (34), IV-3 (39), i ; pages left blank between sections (which correspond to gatherings), some serving as 'title pages' (see pp.32-33, 66-67) ; pagination in pencil, Western numerals, supplied during digitization (skips two pages between pp.53-54).</subfield></datafield><datafield tag="500" ind1=" " ind2=" "><subfield code="a">Explicit: "عدم قبول التشكلات او قبولها بعسر او بسهولة"</subfield></datafield><datafield tag="500" ind1=" " ind2=" "><subfield code="a">Incipit: "الحمد لله رب العالمين صلاته على النبي محمد وآله الاكرمين اجمعين اما بعد فهذا تلخيص وتخليص الفن الثاني عشر من كتاب الشفاء الحكمي لابي علي الرئيس ابن سينا ذلك الفن الذي هو في الحكمة الالهية المشروع فيها بعد الانتهاء من الحكمة الطبيعية والرياضية والمنطقية ..."</subfield></datafield><datafield tag="500" ind1=" " ind2=" "><subfield code="a">Title from inscription on 'title page' for each section (pp.1, 33, and 67).</subfield></datafield><datafield tag="500" ind1=" " ind2=" "><subfield code="a">Ms. codex.</subfield></datafield><datafield tag="510" ind1="4" ind2=" "><subfield code="a">Brockelmann, C. GAL,</subfield><subfield code="c">I 452 ff. ; S I 816</subfield></datafield><datafield tag="520" ind1="8" ind2=" "><subfield code="a">Carefuly copy of an abridgement of Fann 12 of Ibn Sīnā’s (d.1037) Kitāb al-Shifāʼ on al-Ḥikmah al-Ilāhīyah, attributed on the 'title pages' for the various sections to the anonymous "ا ع", copyist of Isl. Mss. 905, 910, 937, 988, 998, and likely Isl. Ms. 929.</subfield></datafield><datafield tag="538" ind1=" " ind2=" "><subfield code="a">Mode of access: Internet.</subfield></datafield><datafield tag="541" ind1=" " ind2=" "><subfield code="a">Acquired in the Fall of 1950.</subfield></datafield><datafield tag="546" ind1=" " ind2=" "><subfield code="a">Arabic.</subfield></datafield><datafield tag="561" ind1=" " ind2=" "><subfield code="a">On upper pastedown label with ex libris of James Heyworth-Dunne (d.1974), stamped with inventory numbers, "Ex Libris | J. Heyworth-Dunne | D. Lit. (London) | No. 7925" ; UM Library inscription on p.3 "Dunning | Heyworth-Dunne | 6-13-51 | 71955" ; occasional glosses.</subfield></datafield><datafield tag="650" ind1=" " ind2="0"><subfield code="a">Manuscripts, Arabic</subfield><subfield code="z">Michigan</subfield><subfield code="z">Ann Arbor.</subfield></datafield><datafield tag="650" ind1=" " ind2="0"><subfield code="a">Metaphysics</subfield><subfield code="v">Early works to 1800.</subfield></datafield><datafield tag="650" ind1=" " ind2="0"><subfield code="a">Islamic philosophy</subfield><subfield code="v">Early works to 1800.</subfield></datafield><datafield tag="700" ind1="1" ind2=" "><subfield code="a">Heyworth-Dunne, J.</subfield><subfield code="q">(James),</subfield><subfield code="e">former owner.</subfield></datafield><datafield tag="700" ind1="0" ind2=" "><subfield code="6">880-05</subfield><subfield code="a">Avicenna,</subfield><subfield code="d">980-1037.</subfield><subfield code="t">Shifāʼ.</subfield><subfield code="n">Fann 12.</subfield><subfield code="k">Abridgement.</subfield></datafield><datafield tag="773" ind1="0" ind2=" "><subfield code="a">Heyworth-Dunne Collection.</subfield></datafield><datafield tag="880" ind1="0" ind2=" "><subfield code="6">700-05/</subfield><subfield code="a">ابن سينا.</subfield><subfield code="t">شفاء.</subfield><subfield code="n">فن 12.</subfield><subfield code="k">تلخيص.</subfield></datafield><datafield tag="880" ind1="0" ind2="0"><subfield code="6">245-03/</subfield><subfield code="a">تخليص الشفاء الحكمي,</subfield><subfield code="f">[193-م?].</subfield></datafield><datafield tag="CID" ind1=" " ind2=" "><subfield code="a">006833592</subfield></datafield><datafield tag="DAT" ind1="0" ind2=" "><subfield code="a">20190719102641.0</subfield><subfield code="b">20190719000000.0</subfield></datafield><datafield tag="DAT" ind1="1" ind2=" "><subfield code="a">20190719090653.0</subfield><subfield code="b">2019-07-19T16:12:12Z</subfield></datafield><datafield tag="DAT" ind1="2" ind2=" "><subfield code="a">2015-10-10T18:00:06Z</subfield></datafield><datafield tag="CAT" ind1=" " ind2=" "><subfield code="a">SDR-MIU</subfield><subfield code="d">EX LIBRIS - ALEPH</subfield><subfield code="l">prepare.pl-004-008</subfield></datafield><datafield tag="FMT" ind1=" " ind2=" "><subfield code="a">BK</subfield></datafield><datafield tag="HOL" ind1=" " ind2=" "><subfield code="0">sdr-miu006833592</subfield><subfield code="a">MiU</subfield><subfield code="b">SDR</subfield><subfield code="c">MIU</subfield><subfield code="p">mdp.39015079131622</subfield><subfield code="s">MIU</subfield><subfield code="1">006833592</subfield></datafield><datafield tag="974" ind1=" " ind2=" "><subfield code="b">MIU</subfield><subfield code="c">MIU</subfield><subfield code="d">20190719</subfield><subfield code="s">lit-dlps-dc</subfield><subfield code="u">mdp.39015079131622</subfield><subfield code="y">1939</subfield><subfield code="r">ic-world</subfield><subfield code="q">man</subfield></datafield></record></collection>